@article{knf2022,
    title = "KNF-onderzoek bij trillen en schokken",
    author = "{Dr. M.E. van Egmond} and {Dr. A.F. van Rootselaar}",
    journal = "Nascholing laboranten KNF",
    pages = "135--161",
    year = "2022",
    publisher = "Nederlandse Vereniging van Laboranten Klinische Neurofysiologie"
}